<record xmlns="http://www.loc.gov/MARC21/slim" xmlns:xsi="http://www.w3.org/2001/XMLSchema-instance" xsi:schemaLocation="http://www.loc.gov/MARC21/slim http://www.loc.gov/standards/marcxml/schema/MARC21slim.xsd"><leader>     nam a22        4500</leader><controlfield tag="001">3071510</controlfield><controlfield tag="003">NNC</controlfield><controlfield tag="006">m        d        </controlfield><controlfield tag="007">cr cn |||m|||a</controlfield><controlfield tag="008">150316s19uu    le      o     000 0 ara  </controlfield><datafield ind1=" " ind2=" " tag="040"><subfield code="a">NNU</subfield><subfield code="b">eng</subfield><subfield code="e">rda</subfield><subfield code="c">NNU</subfield></datafield><datafield ind1=" " ind2="4" tag="050"><subfield code="a">PJ7542.L6</subfield><subfield code="b">T25 1900z</subfield></datafield><datafield ind1="1" ind2=" " tag="100"><subfield code="a">T&#803;abba&#772;&#699;, &#699;Abd Alla&#772;h Ani&#772;s.</subfield></datafield><datafield ind1="1" ind2="3" tag="245"><subfield code="a">al-H&#803;ubb wa-al-ghazal bayna al-Ja&#772;hili&#772;yah wa-al-Isla&#772;m /</subfield><subfield code="c">&#699;Abd Alla&#772;h Ani&#772;s al-T&#803;abba&#772;&#699;.</subfield></datafield><datafield ind1=" " ind2=" " tag="260"><subfield code="a">Bayru&#772;t :</subfield><subfield code="b">Da&#772;r al-Nashr lil-Ja&#772;mi&#699;i&#772;yi&#772;n,</subfield><subfield code="c">[19--]</subfield></datafield><datafield ind1=" " ind2=" " tag="300"><subfield code="a">online resource (167 pages)</subfield></datafield><datafield ind1=" " ind2=" " tag="336"><subfield code="a">text</subfield><subfield code="2">rdacontent</subfield></datafield><datafield ind1=" " ind2=" " tag="337"><subfield code="a">computer</subfield><subfield code="2">rdamedia</subfield></datafield><datafield ind1=" " ind2=" " tag="338"><subfield code="a">online resource</subfield><subfield code="2">rdacarrier</subfield></datafield><datafield ind1=" " ind2=" " tag="500"><subfield code="a">Part of the Arabic Collections Online (ACO) project, contributed by Columbia University Libraries.</subfield></datafield><datafield ind1=" " ind2=" " tag="533"><subfield code="a">Electronic reproduction.</subfield><subfield code="b">New York, N.Y. :</subfield><subfield code="c">New York University,</subfield><subfield code="d">2015.</subfield><subfield code="5">NNU</subfield></datafield><datafield ind1=" " ind2="0" tag="650"><subfield code="a">Love poetry, Arabic</subfield><subfield code="x">History and criticism.</subfield></datafield><datafield ind1=" " ind2="0" tag="650"><subfield code="a">Love in literature.</subfield></datafield><datafield ind1=" " ind2="0" tag="650"><subfield code="a">Arabic literature</subfield><subfield code="x">History and criticism.</subfield></datafield><datafield ind1=" " ind2="0" tag="650"><subfield code="a">Ghazals, Arabic</subfield><subfield code="x">History and criticism.</subfield></datafield><datafield ind1=" " ind2="7" tag="650"><subfield code="a">Arabic literature.</subfield><subfield code="2">fast</subfield><subfield code="0">(OCoLC)fst00812478</subfield></datafield><datafield ind1=" " ind2="7" tag="650"><subfield code="a">Ghazals, Arabic.</subfield><subfield code="2">fast</subfield><subfield code="0">(OCoLC)fst00942343</subfield></datafield><datafield ind1=" " ind2="7" tag="650"><subfield code="a">Literature.</subfield><subfield code="2">fast</subfield><subfield code="0">(OCoLC)fst00999953</subfield></datafield><datafield ind1=" " ind2="7" tag="650"><subfield code="a">Love.</subfield><subfield code="2">fast</subfield><subfield code="0">(OCoLC)fst01002769</subfield></datafield><datafield ind1=" " ind2="7" tag="650"><subfield code="a">Love poetry, Arabic.</subfield><subfield code="2">fast</subfield><subfield code="0">(OCoLC)fst01002824</subfield></datafield><datafield ind1="0" ind2=" " tag="653"><subfield code="a">Criticism of Arabic love poetry</subfield><subfield code="a">Pre-Islamic Arabic poetry</subfield></datafield><datafield ind1=" " ind2="7" tag="655"><subfield code="a">Criticism, interpretation, etc.</subfield><subfield code="2">fast</subfield><subfield code="0">(OCoLC)fst01411635</subfield></datafield><datafield ind1="2" ind2=" " tag="710"><subfield code="a">Columbia University.</subfield><subfield code="b">Libraries.</subfield></datafield><datafield ind1="0" ind2=" " tag="730"><subfield code="a">Arabic Collections Online.</subfield></datafield><datafield ind1="0" ind2="8" tag="776"><subfield code="i">Print version:</subfield><subfield code="a">T&#803;abba&#772;&#699;, &#699;Abd Alla&#772;h Ani&#772;s.</subfield><subfield code="t">al-H&#803;ubb wa-al-ghazal bayna al-Ja&#772;hili&#772;yah wa-al-Isla&#772;m</subfield><subfield code="w">(NNC)3071510</subfield><subfield code="w">(DLC)   90963209 </subfield><subfield code="w">(OCoLC)27977853</subfield></datafield><datafield ind1="4" ind2="0" tag="856"><subfield code="u">http://hdl.handle.net/2333.1/sf7m0fvm</subfield></datafield><datafield ind1=" " ind2=" " tag="959"><subfield code="a">NNU</subfield><subfield code="b">WEB</subfield><subfield code="c">GENI</subfield><subfield code="t">0</subfield><subfield code="m">Electronic access</subfield><subfield code="s">01</subfield></datafield><datafield ind1=" " ind2=" " tag="999"><subfield code="i">NNC_3071510</subfield><subfield code="o">(OCoLC)ocm27977853 </subfield><subfield code="s">columbia_aco000265</subfield><subfield code="e">(ERROR-880)</subfield></datafield></record>